<record><leader>00000cas a22000007a 4500</leader><controlfield tag="001">41382871</controlfield><controlfield tag="008">990518d18571858meuwr ne      0    0eng d</controlfield><datafield ind1=" " ind2=" " tag="010"><subfield code="a">sn 99066546 </subfield></datafield><datafield ind1=" " ind2=" " tag="040"><subfield code="a">MBN</subfield><subfield code="b">eng</subfield><subfield code="c">MBN</subfield><subfield code="d">OCLCF</subfield><subfield code="d">OCLCO</subfield></datafield><datafield ind1="1" ind2=" " tag="029"><subfield code="a">AU@</subfield><subfield code="b">000020123917</subfield></datafield><datafield ind1=" " ind2=" " tag="042"><subfield code="a">msc</subfield></datafield><datafield ind1="0" ind2="0" tag="245"><subfield code="a">Eastern times and northern tribune.</subfield></datafield><datafield ind1=" " ind2=" " tag="260"><subfield code="a">Bath, Me. :</subfield><subfield code="b">[s.n.],</subfield></datafield><datafield ind1=" " ind2=" " tag="300"><subfield code="a">v.</subfield></datafield><datafield ind1=" " ind2=" " tag="310"><subfield code="a">Weekly</subfield></datafield><datafield ind1="0" ind2=" " tag="362"><subfield code="a">Vol. 11, no. 48 (Sept. 11, 1857)-v. 12, no. 47 (Aug. 13, 1858) = whole no. 568-589.</subfield></datafield><datafield ind1=" " ind2=" " tag="500"><subfield code="a">Publisher: E. Roberts &amp; Co., Jan. 29, 1858-</subfield></datafield><datafield ind1=" " ind2=" " tag="580"><subfield code="a">Formed by the union of: Eastern times, and: Northern tribune and weekly mirror.</subfield></datafield><datafield ind1=" " ind2=" " tag="580"><subfield code="a">Merged with: People's organ, to form: Eastern times (Bath, Me. : 1858).</subfield></datafield><datafield ind1=" " ind2="0" tag="651"><subfield code="a">Bath (Me.)</subfield><subfield code="v">Newspapers.</subfield></datafield><datafield ind1=" " ind2="7" tag="655"><subfield code="a">Newspapers.</subfield><subfield code="2">fast</subfield><subfield code="0">(OCoLC)fst01423814</subfield></datafield><datafield ind1=" " ind2="7" tag="651"><subfield code="a">Maine</subfield><subfield code="z">Bath.</subfield><subfield code="2">fast</subfield><subfield code="0">(OCoLC)fst01210217</subfield></datafield><datafield ind1=" " ind2=" " tag="752"><subfield code="a">United States</subfield><subfield code="b">Maine</subfield><subfield code="c">Sagadahoc</subfield><subfield code="d">Bath.</subfield></datafield><datafield ind1="1" ind2=" " tag="775"><subfield code="t">Bath daily tribune and eastern times</subfield><subfield code="w">(DLC)sn 83021249</subfield></datafield><datafield ind1="1" ind2="4" tag="780"><subfield code="t">Eastern times</subfield><subfield code="w">(DLC)sn 82014356</subfield></datafield><datafield ind1="1" ind2="4" tag="780"><subfield code="t">Northern tribune and weekly mirror</subfield><subfield code="w">(DLC)sn 83021244</subfield></datafield><datafield ind1="1" ind2="7" tag="785"><subfield code="t">People's organ</subfield></datafield><datafield ind1="1" ind2="7" tag="785"><subfield code="t">Eastern times (Bath, Me. : 1858)</subfield><subfield code="w">(DLC)sn 99066547</subfield></datafield></record>